@book{Bruegmann05,
author = "Robert Bruegmann",
title = "Sprawl: A Compact History",
publisher = "University of Chicago Press",
year = "2005",
month = "September"
}